@phdthesis{rezvoy2011large,
  title  = {Large Scale Parallel Inference of Protein and Protein Domain families},
  author = {Rezvoy, Cl{\'e}ment},
  year   = {2011},
  school = {Ecole normale sup{\'e}rieure de lyon-ENS LYON},
  note   = {\url{http://hal.archives-ouvertes.fr/tel-00682495/}}
}

@InProceedings{	  KahnRV08,
  author	= {Daniel Kahn and Cl\'ement Rezvoy and Fr\'ed\'eric Vivien},
  title		= {Parallel large scale inference of protein domain families},
  booktitle	= {{ICPADS'2008}, the 14th IEEE International Conference on
	  Parallel and Distributed Systems},
  publisher1	= {IEEE Computer Society Press},
  year		= {2008},
  pages		= {72-79},
  note          = {\url{http://ieeexplore.ieee.org/xpls/abs_all.jsp?arnumber=4724305}}
}

@Article{	  rezvoy2007mrb,
  title		= {{MareyMap: an R-based tool with graphical interface for
	  estimating recombination rates}},
  author	= {Cl\'ement Rezvoy and Delphine Charif and Laurent Gu\'eguen and
	  Gabriel A.B. Marais},
  journal	= {Bioinformatics},
  volume	= {23},
  number	= {16},
  pages		= {2188-2189},
  year		= {2007},
  publisher	= {Oxford Univ Press},
  note          = {\url{http://bioinformatics.oxfordjournals.org/content/23/16/2188.short}}
}